<collection xmlns="http://www.loc.gov/MARC21/slim">
<record>
  <leader>01350nam0a22002651i 450 </leader>
  <controlfield tag="001">IT\ICCU\CNCE\076652</controlfield>
  <controlfield tag="005">20111017000000.0</controlfield>
  <datafield tag="012" ind1=" " ind2=" ">
    <subfield code="a">uma- a.n- o,m. a-u- (C) 1582 (R)</subfield>
    <subfield code="2">fei</subfield>
  </datafield>
  <datafield tag="100" ind1=" " ind2=" ">
    <subfield code="a">20110930d1582        0itac0103    ba</subfield>
  </datafield>
  <datafield tag="101" ind1=" " ind2=" ">
    <subfield code="a">LAT</subfield>
    <subfield code="a">GRC</subfield>
  </datafield>
  <datafield tag="102" ind1=" " ind2=" ">
    <subfield code="a">IT</subfield>
  </datafield>
  <datafield tag="200" ind1="1" ind2=" ">
    <subfield code="a">Omologia t♯s opthodozou piste¿‍s ypo t¿‍n gpaik¿‍n ... Professio orthodoxae fidei a Graecis facienda, iussu sanctissimi domini nostri domini Gregorij papae 13. edita</subfield>
  </datafield>
  <datafield tag="210" ind1=" " ind2=" ">
    <subfield code="d">Romae :apud Franciscum Zanettum,1582</subfield>
  </datafield>
  <datafield tag="215" ind1=" " ind2=" ">
    <subfield code="a">11, \1! p.</subfield>
    <subfield code="d">4\</subfield>
  </datafield>
  <datafield tag="300" ind1=" " ind2=" ">
    <subfield code="a">ANNULLATA  ̈il cnce 69347Rif.: Edit 16. -  Nel tit. il numero 13\ espresso XIII. -  Stemma di papa Gregorio XIII sul front. -  Cors. ; gr. ; rom. -  Segn.: Áœ. -  Iniziali xil</subfield>
  </datafield>
  <datafield tag="620" ind1=" " ind2=" ">
    <subfield code="a">IT</subfield>
    <subfield code="d">Roma</subfield>
  </datafield>
  <datafield tag="712" ind1="0" ind2="0">
    <subfield code="a">Zanetti, Francesco</subfield>
    <subfield code="3">IT\ICCU\CNCT\000147</subfield>
    <subfield code="4">650</subfield>
  </datafield>
  <datafield tag="791" ind1="0" ind2="0">
    <subfield code="a">Zannetti, Francesco</subfield>
    <subfield code="3">IT\ICCU\CNCT\003871</subfield>
    <subfield code="z">Zanetti, Francesco</subfield>
  </datafield>
  <datafield tag="791" ind1="0" ind2="0">
    <subfield code="a">Zanettus, Franciscus</subfield>
    <subfield code="3">IT\ICCU\CNCT\005795</subfield>
    <subfield code="z">Zanetti, Francesco</subfield>
  </datafield>
  <datafield tag="791" ind1="0" ind2="0">
    <subfield code="a">Zannetus, Franciscus</subfield>
    <subfield code="3">IT\ICCU\CNCT\005796</subfield>
    <subfield code="z">Zanetti, Francesco</subfield>
  </datafield>
  <datafield tag="791" ind1="0" ind2="0">
    <subfield code="a">Zannettus, Franciscus</subfield>
    <subfield code="3">IT\ICCU\CNCT\005797</subfield>
    <subfield code="z">Zanetti, Francesco</subfield>
  </datafield>
  <datafield tag="791" ind1="0" ind2="0">
    <subfield code="a">Zannetto, Francesco</subfield>
    <subfield code="3">IT\ICCU\CNCT\005798</subfield>
    <subfield code="z">Zanetti, Francesco</subfield>
  </datafield>
  <datafield tag="791" ind1="0" ind2="0">
    <subfield code="a">Zanetos, Phrankiskos</subfield>
    <subfield code="3">IT\ICCU\CNCT\005799</subfield>
    <subfield code="z">Zanetti, Francesco</subfield>
  </datafield>
  <datafield tag="801" ind1=" " ind2="3">
    <subfield code="a">IT</subfield>
    <subfield code="b">ICCU</subfield>
    <subfield code="c">20201115</subfield>
  </datafield>
  <datafield tag="899" ind1=" " ind2=" ">
    <subfield code="a">Biblioteca Vallicelliana. Roma</subfield>
    <subfield code="1">RM0281</subfield>
    <subfield code="2">RML 08</subfield>
  </datafield>
</record>
</collection>
